@misc{OpenCL:Specification,
  month = {August},
  year = {2008},
  title = {The OpenCL Specification},
  author = {Khronos OpenCL Working Group},
  editor = {Aaftab Munshi},
  howpublished = "\url{http://www.khronos.org/opencl}"
}

@misc{OpenCL:programming-guide,
  month = {March},
  year = {2010},
  author = {ATI},
  title = {OpenCL Programming Guide},
  howpublished = "\url{http://developer.amd.com/gpu/}"
}

@misc{OpenCL:jump-start,
  month = {April},
  year = {2009},
  title = {NVIDIA OpenCL JumpStart Guide},
  author = {NVIDIA},
  howpublished = "\url{http://developer.nvidia.com/object/opencl.html}"
}

@article{1596543,
 title = {Runtime reconfigurable polymorphic ASIC},
 author = {Mythri Alle and Keshavan Varadarajan and Alexander Fell and Ramesh Reddy C. and
 Nimmy Joseph and Saptarsi Das and Prasenjit Biswas and Jugantor Chetia and
 Adarsh Rao and S. K. Nandy and Ranjani Narayan},
 journal = {ACM Trans. Embed. Comput. Syst.},
 issn = {1539-9087},
 volume = {9},
 number = {2},
 year = {2009},
 publisher = {ACM},
 address = {New York, NY, USA},
}

@Manual{fpga-pci,
  title = 	 {Virtex-6 FPGA Integrated Block for PCI Express},
  key = 	 {UG517},
  organization = {Xilinx},
  month = 	 {September},
  year = 	 {2010},
}

@TechReport{fpga-dma,
  author = 	 {Jake Wiltgen and John Ayer},
  title = 	 {{Bus Master DMA Performance Demonstration
				Reference Design for the Xilinx Endpoint PCI
				Express Solutions}},
  institution =  {Xilinx},
  year = 	 {2010},
  type = 	 {Application Note},
  month = 	 {September},
}

@Manual{ldd,
  title = 	 {Linux device drivers},
  author = 	 {Jonathan Corbet and Alessandro Rubini and and Greg Kroah-Hartman},
  organization = {Oâ€™Reilly},
  edition = 	 {THIRD EDITION},
  month = 	 {February},
  year = 	 {2005},
}

@Manual{fpga-microblaze,
  title = 	 {MicroBlaze Processor Reference Guide},
  organization = {Xilinx},
  edition = 	 {10.3},
}

@Manual{fpga-hw-user-guide,
  title = 	 {ML605 Hardware User Guide},
  organization = {Xilinx},
  edition = 	 {1.2.1},
  year = {2010},
  month = {January}
}

@Manual{fpga-ref-design-guide,
  title = 	 {ML605 Reference Design User Guide},
  organization = {Xilinx},
  edition = 	 {1.0},
  year = {2009},
  month = {September}
}

@misc{fpga-intro,
  author = 	 {Shantanu Dutt},
  title = 	 {Introduction to CPLDs and FPGAs},
  organization = {University of Illinois at Chicago},
}

@article{partial-reconfiguration-report,
  author = 	 {Eric J. McDonald},
  title = 	 {Runtime FPGA Partial Reconfiguration},
  institution =  {The Aerospace Corporation},
  year = 	 {2008},
  mouth = {July},
  journal = {IEEE A\&E systems magazine}
}

@misc{c-to-verilog,
  author = {Nadav Rotem and Yosi Ben Asher},
  title = {{C to Verilog. Automating circuit design}},
  howpublished = "\url {http://c-to-verilog.com/}"
}

@misc{roccc,
  title = {{Riverside Optimizing Compiler for Configurable Computing}},
  howpublished = "\url {http://www.jacquardcomputing.com/roccc/}"
}